<record><leader>00000cas a22000007a 4500</leader><controlfield tag="001">15504464</controlfield><controlfield tag="008">870408d19491952inuwr ne      0    0eng d</controlfield><datafield ind1=" " ind2=" " tag="010"><subfield code="a">sn 87055750 </subfield></datafield><datafield ind1=" " ind2=" " tag="040"><subfield code="a">NPI</subfield><subfield code="b">eng</subfield><subfield code="c">NPI</subfield><subfield code="d">OCLCQ</subfield></datafield><datafield ind1=" " ind2=" " tag="042"><subfield code="a">msc</subfield></datafield><datafield ind1="0" ind2="4" tag="245"><subfield code="a">The Lakeview beacon.</subfield></datafield><datafield ind1=" " ind2=" " tag="260"><subfield code="a">Whiting, Ind. :</subfield><subfield code="b">Austin Boyle,</subfield><subfield code="c">1949-</subfield></datafield><datafield ind1=" " ind2=" " tag="310"><subfield code="a">Weekly</subfield></datafield><datafield ind1="0" ind2=" " tag="362"><subfield code="a">Vol. 1, no. 1 (Apr. 14, 1949)-</subfield></datafield><datafield ind1="1" ind2=" " tag="362"><subfield code="a">Ceased in Mar. 1952.</subfield></datafield><datafield ind1=" " ind2=" " tag="500"><subfield code="a">"Whiting-Robertsdale's weekly newspaper "</subfield></datafield><datafield ind1=" " ind2=" " tag="752"><subfield code="a">United States</subfield><subfield code="b">Indiana</subfield><subfield code="c">Lake</subfield><subfield code="d">Whiting.</subfield></datafield><datafield ind1=" " ind2=" " tag="752"><subfield code="a">United States</subfield><subfield code="b">Indiana</subfield><subfield code="c">Lake</subfield><subfield code="d">Hammond.</subfield></datafield><datafield ind1="0" ind2="4" tag="785"><subfield code="t">Gary illustrated guide</subfield></datafield></record>